@article{zhang2017observationdiscrete,
	abstract = {A time crystal is a state of matter that shows robust oscillations in time, and although forbidden in equilibrium, a discrete time crystal has now been observed in a periodically driven quantum system.},
	author = {Zhang, J. and Hess, P. W. and Kyprianidis, A. and Becker, P. and Lee, A. and Smith, J. and Pagano, G. and Potirniche, I. -D. and Potter, A. C. and Vishwanath, A. and Yao, N. Y. and Monroe, C.},
	date = {2017/03/01},
	date-added = {2023-07-06 07:33:21 -0600},
	date-modified = {2023-07-06 07:33:21 -0600},
	doi = {10.1038/nature21413},
	id = {Zhang2017},
	isbn = {1476-4687},
	journal = {Nature},
	number = {7644},
	pages = {217--220},
	title = {Observation of a discrete time crystal},
	url = {https://doi.org/10.1038/nature21413},
	volume = {543},
	year = {2017},
	bdsk-url-1 = {https://doi.org/10.1038/nature21413}
}

@article{choi2017observation,
  title={Observation of discrete time-crystalline order in a disordered dipolar many-body system},
  author={Choi, Soonwon and Choi, Joonhee and Landig, Renate and Kucsko, Georg and Zhou, Hengyun and Isoya, Junichi and Jelezko, Fedor and Onoda, Shinobu and Sumiya, Hitoshi and Khemani, Vedika and others},
  journal={Nature},
  volume={543},
  number={7644},
  pages={221--225},
  year={2017},
  publisher={Nature Publishing Group UK London}
}

@article{rovny2018observation,
  title={Observation of discrete-time-crystal signatures in an ordered dipolar many-body system},
  author={Rovny, Jared and Blum, Robert L and Barrett, Sean E},
  journal={Physical review letters},
  volume={120},
  number={18},
  pages={180603},
  year={2018},
  publisher={APS}
}

@article{mi2022time,
	author = {Mi, Xiao and Ippoliti, Matteo and Quintana, Chris and Greene, Ami and Chen, Zijun and Gross, Jonathan and Arute, Frank and Arya, Kunal and Atalaya, Juan and Babbush, Ryan and Bardin, Joseph C. and Basso, Joao and Bengtsson, Andreas and Bilmes, Alexander and Bourassa, Alexandre and Brill, Leon and Broughton, Michael and Buckley, Bob B. and Buell, David A. and Burkett, Brian and Bushnell, Nicholas and Chiaro, Benjamin and Collins, Roberto and Courtney, William and Debroy, Dripto and Demura, Sean and Derk, Alan R. and Dunsworth, Andrew and Eppens, Daniel and Erickson, Catherine and Farhi, Edward and Fowler, Austin G. and Foxen, Brooks and Gidney, Craig and Giustina, Marissa and Harrigan, Matthew P. and Harrington, Sean D. and Hilton, Jeremy and Ho, Alan and Hong, Sabrina and Huang, Trent and Huff, Ashley and Huggins, William J. and Ioffe, L. B. and Isakov, Sergei V. and Iveland, Justin and Jeffrey, Evan and Jiang, Zhang and Jones, Cody and Kafri, Dvir and Khattar, Tanuj and Kim, Seon and Kitaev, Alexei and Klimov, Paul V. and Korotkov, Alexander N. and Kostritsa, Fedor and Landhuis, David and Laptev, Pavel and Lee, Joonho and Lee, Kenny and Locharla, Aditya and Lucero, Erik and Martin, Orion and McClean, Jarrod R. and McCourt, Trevor and McEwen, Matt and Miao, Kevin C. and Mohseni, Masoud and Montazeri, Shirin and Mruczkiewicz, Wojciech and Naaman, Ofer and Neeley, Matthew and Neill, Charles and Newman, Michael and Niu, Murphy Yuezhen and O'Brien, Thomas E. and Opremcak, Alex and Ostby, Eric and Pato, Balint and Petukhov, Andre and Rubin, Nicholas C. and Sank, Daniel and Satzinger, Kevin J. and Shvarts, Vladimir and Su, Yuan and Strain, Doug and Szalay, Marco and Trevithick, Matthew D. and Villalonga, Benjamin and White, Theodore and Yao, Z. Jamie and Yeh, Ping and Yoo, Juhwan and Zalcman, Adam and Neven, Hartmut and Boixo, Sergio and Smelyanskiy, Vadim and Megrant, Anthony and Kelly, Julian and Chen, Yu and Sondhi, S. L. and Moessner, Roderich and Kechedzhi, Kostyantyn and Khemani, Vedika and Roushan, Pedram},
	date = {2022/01/01},
	date-added = {2023-08-03 17:36:04 -0600},
	date-modified = {2023-08-03 17:36:04 -0600},
	doi = {10.1038/s41586-021-04257-w},
	id = {Mi2022},
	isbn = {1476-4687},
	journal = {Nature},
	number = {7894},
	pages = {531--536},
	title = {Time-crystalline eigenstate order on a quantum processor},
	url = {https://doi.org/10.1038/s41586-021-04257-w},
	volume = {601},
	year = {2022},
	bdsk-url-1 = {https://doi.org/10.1038/s41586-021-04257-w}
}


@article{ippoliti2021many,
  title = {Many-Body Physics in the NISQ Era: Quantum Programming a Discrete Time Crystal},
  author = {Ippoliti, Matteo and Kechedzhi, Kostyantyn and Moessner, Roderich and Sondhi, S.L. and Khemani, Vedika},
  journal = {PRX Quantum},
  volume = {2},
  issue = {3},
  pages = {030346},
  numpages = {24},
  year = {2021},
  month = {Sep},
  publisher = {American Physical Society},
  doi = {10.1103/PRXQuantum.2.030346},
  url = {https://link.aps.org/doi/10.1103/PRXQuantum.2.030346}
}

@article{bernien2017probing,
	author = {Bernien, Hannes and Schwartz, Sylvain and Keesling, Alexander and Levine, Harry and Omran, Ahmed and Pichler, Hannes and Choi, Soonwon and Zibrov, Alexander S. and Endres, Manuel and Greiner, Markus and Vuleti{\'c}, Vladan and Lukin, Mikhail D.},
	date = {2017/11/01},
	date-added = {2023-08-03 17:19:46 -0600},
	date-modified = {2023-08-03 17:19:46 -0600},
	doi = {10.1038/nature24622},
	id = {Bernien2017},
	isbn = {1476-4687},
	journal = {Nature},
	number = {7682},
	pages = {579--584},
	title = {Probing many-body dynamics on a 51-atom quantum simulator},
	url = {https://doi.org/10.1038/nature24622},
	volume = {551},
	year = {2017},
	bdsk-url-1 = {https://doi.org/10.1038/nature24622}
}

@article{bluvstein2021controlling,
	author = {D. Bluvstein and A. Omran and H. Levine and A. Keesling and G. Semeghini and S. Ebadi and T. T. Wang and A. A. Michailidis and N. Maskara and W. W. Ho and S. Choi and M. Serbyn and M. Greiner and V. Vuleti{\'c} and M. D. Lukin},
	doi = {10.1126/science.abg2530},
	journal = {Science},
	number = {6536},
	pages = {1355-1359},
	title = {Controlling quantum many-body dynamics in driven Rydberg atom arrays},
	url = {https://www.science.org/doi/abs/10.1126/science.abg2530},
	volume = {371},
	year = {2021},
	bdsk-url-1 = {https://www.science.org/doi/abs/10.1126/science.abg2530},
	bdsk-url-2 = {https://doi.org/10.1126/science.abg2530}
}

@article{maskara2021discrete,
  title = {Discrete Time-Crystalline Order Enabled by Quantum Many-Body Scars: Entanglement Steering via Periodic Driving},
  author = {Maskara, N. and Michailidis, A. A. and Ho, W. W. and Bluvstein, D. and Choi, S. and Lukin, M. D. and Serbyn, M.},
  journal = {Phys. Rev. Lett.},
  volume = {127},
  issue = {9},
  pages = {090602},
  numpages = {7},
  year = {2021},
  month = {Aug},
  publisher = {American Physical Society},
  doi = {10.1103/PhysRevLett.127.090602},
  url = {https://link.aps.org/doi/10.1103/PhysRevLett.127.090602}
}


@article{serbyn2021quantum,
  title={Quantum many-body scars and weak breaking of ergodicity},
  author={Serbyn, Maksym and Abanin, Dmitry A and Papi{\'c}, Zlatko},
  journal={Nature Physics},
  volume={17},
  number={6},
  pages={675--685},
  year={2021},
  publisher={Nature Publishing Group UK London}
}

@article{turner2018weak,
  title={Weak ergodicity breaking from quantum many-body scars},
  author={Turner, Christopher J and Michailidis, Alexios A and Abanin, Dmitry A and Serbyn, Maksym and Papi{\'c}, Zlatko},
  journal={Nature Physics},
  volume={14},
  number={7},
  pages={745--749},
  year={2018},
  publisher={Nature Publishing Group UK London}
}

@article{turner2018quantum,
  title={Quantum scarred eigenstates in a Rydberg atom chain: Entanglement, breakdown of thermalization, and stability to perturbations},
  author={Turner, CJ and Michailidis, AA and Abanin, DA and Serbyn, Maksym and Papi{\'c}, Z},
  journal={Physical Review B},
  volume={98},
  number={15},
  pages={155134},
  year={2018},
  publisher={APS}
}

